%YAML 1.1
%TAG !u! tag:unity3d.com,2011:
--- !u!29 &1
OcclusionCullingSettings:
  m_ObjectHideFlags: 0
  serializedVersion: 2
  m_OcclusionBakeSettings:
    smallestOccluder: 5
    smallestHole: 0.25
    backfaceThreshold: 100
  m_SceneGUID: 00000000000000000000000000000000
  m_OcclusionCullingData: {fileID: 0}
--- !u!104 &2
RenderSettings:
  m_ObjectHideFlags: 0
  serializedVersion: 9
  m_Fog: 0
  m_FogColor: {r: 0.4, g: 0.42352942, b: 0.44313726, a: 0.6039216}
  m_FogMode: 2
  m_FogDensity: 0.001
  m_LinearFogStart: 0
  m_LinearFogEnd: 600
  m_AmbientSkyColor: {r: 0.212, g: 0.227, b: 0.259, a: 1}
  m_AmbientEquatorColor: {r: 0.114, g: 0.125, b: 0.133, a: 1}
  m_AmbientGroundColor: {r: 0.047, g: 0.043, b: 0.035, a: 1}
  m_AmbientIntensity: 1
  m_AmbientMode: 0
  m_SubtractiveShadowColor: {r: 0.42, g: 0.478, b: 0.627, a: 1}
  m_SkyboxMaterial: {fileID: 10304, guid: 0000000000000000f000000000000000, type: 0}
  m_HaloStrength: 0.25
  m_FlareStrength: 0.25
  m_FlareFadeSpeed: 3
  m_HaloTexture: {fileID: 0}
  m_SpotCookie: {fileID: 10001, guid: 0000000000000000e000000000000000, type: 0}
  m_DefaultReflectionMode: 0
  m_DefaultReflectionResolution: 128
  m_ReflectionBounces: 1
  m_ReflectionIntensity: 1
  m_CustomReflection: {fileID: 0}
  m_Sun: {fileID: 0}
  m_IndirectSpecularColor: {r: 0, g: 0, b: 0, a: 1}
  m_UseRadianceAmbientProbe: 0
--- !u!157 &4
LightmapSettings:
  m_ObjectHideFlags: 0
  serializedVersion: 12
  m_GIWorkflowMode: 0
  m_GISettings:
    serializedVersion: 2
    m_BounceScale: 1
    m_IndirectOutputScale: 1
    m_AlbedoBoost: 1
    m_EnvironmentLightingMode: 0
    m_EnableBakedLightmaps: 0
    m_EnableRealtimeLightmaps: 0
  m_LightmapEditorSettings:
    serializedVersion: 12
    m_Resolution: 2
    m_BakeResolution: 40
    m_AtlasSize: 1024
    m_AO: 0
    m_AOMaxDistance: 1
    m_CompAOExponent: 0
    m_CompAOExponentDirect: 0
    m_ExtractAmbientOcclusion: 0
    m_Padding: 2
    m_LightmapParameters: {fileID: 0}
    m_LightmapsBakeMode: 1
    m_TextureCompression: 1
    m_FinalGather: 0
    m_FinalGatherFiltering: 1
    m_FinalGatherRayCount: 1024
    m_ReflectionCompression: 2
    m_MixedBakeMode: 1
    m_BakeBackend: 0
    m_PVRSampling: 1
    m_PVRDirectSampleCount: 32
    m_PVRSampleCount: 512
    m_PVRBounces: 2
    m_PVREnvironmentSampleCount: 512
    m_PVREnvironmentReferencePointCount: 2048
    m_PVRFilteringMode: 0
    m_PVRDenoiserTypeDirect: 0
    m_PVRDenoiserTypeIndirect: 0
    m_PVRDenoiserTypeAO: 0
    m_PVRFilterTypeDirect: 0
    m_PVRFilterTypeIndirect: 0
    m_PVRFilterTypeAO: 0
    m_PVREnvironmentMIS: 0
    m_PVRCulling: 1
    m_PVRFilteringGaussRadiusDirect: 1
    m_PVRFilteringGaussRadiusIndirect: 5
    m_PVRFilteringGaussRadiusAO: 2
    m_PVRFilteringAtrousPositionSigmaDirect: 0.5
    m_PVRFilteringAtrousPositionSigmaIndirect: 2
    m_PVRFilteringAtrousPositionSigmaAO: 1
    m_ExportTrainingData: 0
    m_TrainingDataDestination: TrainingData
    m_LightProbeSampleCountMultiplier: 4
  m_LightingDataAsset: {fileID: 0}
  m_LightingSettings: {fileID: 4890085278179872738, guid: f6202d4ab69621f4798486e6c3aa2ba8,
    type: 2}
--- !u!196 &5
NavMeshSettings:
  serializedVersion: 2
  m_ObjectHideFlags: 0
  m_BuildSettings:
    serializedVersion: 2
    agentTypeID: 0
    agentRadius: 0.5
    agentHeight: 2
    agentSlope: 45
    agentClimb: 0.4
    ledgeDropHeight: 0
    maxJumpAcrossDistance: 0
    minRegionArea: 2
    manualCellSize: 0
    cellSize: 0.16666667
    manualTileSize: 0
    tileSize: 256
    accuratePlacement: 0
    maxJobWorkers: 0
    preserveTilesOutsideBounds: 0
    debug:
      m_Flags: 0
  m_NavMeshData: {fileID: 0}
--- !u!1001 &73601394
PrefabInstance:
  m_ObjectHideFlags: 0
  serializedVersion: 2
  m_Modification:
    m_TransformParent: {fileID: 0}
    m_Modifications:
    - target: {fileID: 100000, guid: 9485b0c79d11e2e4d0007da98d76c639, type: 3}
      propertyPath: m_IsActive
      value: 0
      objectReference: {fileID: 0}
    - target: {fileID: 400000, guid: 9485b0c79d11e2e4d0007da98d76c639, type: 3}
      propertyPath: m_RootOrder
      value: 6
      objectReference: {fileID: 0}
    - target: {fileID: 400000, guid: 9485b0c79d11e2e4d0007da98d76c639, type: 3}
      propertyPath: m_LocalScale.x
      value: 396.2349
      objectReference: {fileID: 0}
    - target: {fileID: 400000, guid: 9485b0c79d11e2e4d0007da98d76c639, type: 3}
      propertyPath: m_LocalScale.y
      value: 396.23538
      objectReference: {fileID: 0}
    - target: {fileID: 400000, guid: 9485b0c79d11e2e4d0007da98d76c639, type: 3}
      propertyPath: m_LocalScale.z
      value: 396.23538
      objectReference: {fileID: 0}
    - target: {fileID: 400000, guid: 9485b0c79d11e2e4d0007da98d76c639, type: 3}
      propertyPath: m_LocalPosition.x
      value: 268.1
      objectReference: {fileID: 0}
    - target: {fileID: 400000, guid: 9485b0c79d11e2e4d0007da98d76c639, type: 3}
      propertyPath: m_LocalPosition.y
      value: 0.2
      objectReference: {fileID: 0}
    - target: {fileID: 400000, guid: 9485b0c79d11e2e4d0007da98d76c639, type: 3}
      propertyPath: m_LocalPosition.z
      value: 263.1
      objectReference: {fileID: 0}
    - target: {fileID: 400000, guid: 9485b0c79d11e2e4d0007da98d76c639, type: 3}
      propertyPath: m_LocalRotation.w
      value: 1
      objectReference: {fileID: 0}
    - target: {fileID: 400000, guid: 9485b0c79d11e2e4d0007da98d76c639, type: 3}
      propertyPath: m_LocalRotation.x
      value: -0
      objectReference: {fileID: 0}
    - target: {fileID: 400000, guid: 9485b0c79d11e2e4d0007da98d76c639, type: 3}
      propertyPath: m_LocalRotation.y
      value: -0
      objectReference: {fileID: 0}
    - target: {fileID: 400000, guid: 9485b0c79d11e2e4d0007da98d76c639, type: 3}
      propertyPath: m_LocalRotation.z
      value: -0
      objectReference: {fileID: 0}
    m_RemovedComponents: []
  m_SourcePrefab: {fileID: 100100000, guid: 9485b0c79d11e2e4d0007da98d76c639, type: 3}
--- !u!1 &73601395 stripped
GameObject:
  m_CorrespondingSourceObject: {fileID: 100000, guid: 9485b0c79d11e2e4d0007da98d76c639,
    type: 3}
  m_PrefabInstance: {fileID: 73601394}
  m_PrefabAsset: {fileID: 0}
--- !u!1001 &334540251
PrefabInstance:
  m_ObjectHideFlags: 0
  serializedVersion: 2
  m_Modification:
    m_TransformParent: {fileID: 0}
    m_Modifications:
    - target: {fileID: 100000, guid: 780611a67e8e941a2b3aa96e5915a793, type: 3}
      propertyPath: m_IsActive
      value: 1
      objectReference: {fileID: 0}
    - target: {fileID: 400000, guid: 780611a67e8e941a2b3aa96e5915a793, type: 3}
      propertyPath: m_RootOrder
      value: 7
      objectReference: {fileID: 0}
    - target: {fileID: 400000, guid: 780611a67e8e941a2b3aa96e5915a793, type: 3}
      propertyPath: m_LocalScale.x
      value: 396.2349
      objectReference: {fileID: 0}
    - target: {fileID: 400000, guid: 780611a67e8e941a2b3aa96e5915a793, type: 3}
      propertyPath: m_LocalScale.y
      value: 396.23538
      objectReference: {fileID: 0}
    - target: {fileID: 400000, guid: 780611a67e8e941a2b3aa96e5915a793, type: 3}
      propertyPath: m_LocalScale.z
      value: 396.23538
      objectReference: {fileID: 0}
    - target: {fileID: 400000, guid: 780611a67e8e941a2b3aa96e5915a793, type: 3}
      propertyPath: m_LocalPosition.x
      value: 268.1
      objectReference: {fileID: 0}
    - target: {fileID: 400000, guid: 780611a67e8e941a2b3aa96e5915a793, type: 3}
      propertyPath: m_LocalPosition.y
      value: 0.2
      objectReference: {fileID: 0}
    - target: {fileID: 400000, guid: 780611a67e8e941a2b3aa96e5915a793, type: 3}
      propertyPath: m_LocalPosition.z
      value: 263.1
      objectReference: {fileID: 0}
    - target: {fileID: 400000, guid: 780611a67e8e941a2b3aa96e5915a793, type: 3}
      propertyPath: m_LocalRotation.w
      value: 1
      objectReference: {fileID: 0}
    - target: {fileID: 400000, guid: 780611a67e8e941a2b3aa96e5915a793, type: 3}
      propertyPath: m_LocalRotation.x
      value: -0
      objectReference: {fileID: 0}
    - target: {fileID: 400000, guid: 780611a67e8e941a2b3aa96e5915a793, type: 3}
      propertyPath: m_LocalRotation.y
      value: -0
      objectReference: {fileID: 0}
    - target: {fileID: 400000, guid: 780611a67e8e941a2b3aa96e5915a793, type: 3}
      propertyPath: m_LocalRotation.z
      value: -0
      objectReference: {fileID: 0}
    - target: {fileID: 11400000, guid: 780611a67e8e941a2b3aa96e5915a793, type: 3}
      propertyPath: textureSize
      value: 512
      objectReference: {fileID: 0}
    m_RemovedComponents: []
  m_SourcePrefab: {fileID: 100100000, guid: 780611a67e8e941a2b3aa96e5915a793, type: 3}
--- !u!1001 &343231603
PrefabInstance:
  m_ObjectHideFlags: 0
  serializedVersion: 2
  m_Modification:
    m_TransformParent: {fileID: 0}
    m_Modifications:
    - target: {fileID: 454350, guid: f3c163fa40da22c4a82b0da204c09579, type: 3}
      propertyPath: m_RootOrder
      value: 3
      objectReference: {fileID: 0}
    - target: {fileID: 454350, guid: f3c163fa40da22c4a82b0da204c09579, type: 3}
      propertyPath: m_LocalPosition.x
      value: 115.41557
      objectReference: {fileID: 0}
    - target: {fileID: 454350, guid: f3c163fa40da22c4a82b0da204c09579, type: 3}
      propertyPath: m_LocalPosition.y
      value: 13.23
      objectReference: {fileID: 0}
    - target: {fileID: 454350, guid: f3c163fa40da22c4a82b0da204c09579, type: 3}
      propertyPath: m_LocalPosition.z
      value: 141.90012
      objectReference: {fileID: 0}
    - target: {fileID: 454350, guid: f3c163fa40da22c4a82b0da204c09579, type: 3}
      propertyPath: m_LocalRotation.w
      value: 0.7071068
      objectReference: {fileID: 0}
    - target: {fileID: 454350, guid: f3c163fa40da22c4a82b0da204c09579, type: 3}
      propertyPath: m_LocalRotation.x
      value: -0
      objectReference: {fileID: 0}
    - target: {fileID: 454350, guid: f3c163fa40da22c4a82b0da204c09579, type: 3}
      propertyPath: m_LocalRotation.y
      value: -0.70710677
      objectReference: {fileID: 0}
    - target: {fileID: 454350, guid: f3c163fa40da22c4a82b0da204c09579, type: 3}
      propertyPath: m_LocalRotation.z
      value: -0
      objectReference: {fileID: 0}
    m_RemovedComponents: []
  m_SourcePrefab: {fileID: 100100000, guid: f3c163fa40da22c4a82b0da204c09579, type: 3}
--- !u!1 &343231604 stripped
GameObject:
  m_CorrespondingSourceObject: {fileID: 191830, guid: f3c163fa40da22c4a82b0da204c09579,
    type: 3}
  m_PrefabInstance: {fileID: 343231603}
  m_PrefabAsset: {fileID: 0}
--- !u!1 &618519169
GameObject:
  m_ObjectHideFlags: 0
  m_CorrespondingSourceObject: {fileID: 0}
  m_PrefabInstance: {fileID: 0}
  m_PrefabAsset: {fileID: 0}
  serializedVersion: 6
  m_Component:
  - component: {fileID: 618519171}
  - component: {fileID: 618519170}
  m_Layer: 0
  m_Name: Mobile Gameobject Swither
  m_TagString: Untagged
  m_Icon: {fileID: 0}
  m_NavMeshLayer: 0
  m_StaticEditorFlags: 0
  m_IsActive: 1
--- !u!114 &618519170
MonoBehaviour:
  m_ObjectHideFlags: 0
  m_CorrespondingSourceObject: {fileID: 0}
  m_PrefabInstance: {fileID: 0}
  m_PrefabAsset: {fileID: 0}
  m_GameObject: {fileID: 618519169}
  m_Enabled: 1
  m_EditorHideFlags: 0
  m_Script: {fileID: 11500000, guid: ba9acfca122ec774c9f3dd766e96f4c1, type: 3}
  m_Name: 
  m_EditorClassIdentifier: 
  gameobjectsForMobile:
  - {fileID: 73601395}
  gameobjectsForNotMobile:
  - {fileID: 1432446604}
  - {fileID: 343231604}
--- !u!4 &618519171
Transform:
  m_ObjectHideFlags: 0
  m_CorrespondingSourceObject: {fileID: 0}
  m_PrefabInstance: {fileID: 0}
  m_PrefabAsset: {fileID: 0}
  m_GameObject: {fileID: 618519169}
  m_LocalRotation: {x: 0, y: 0, z: 0, w: 1}
  m_LocalPosition: {x: 0, y: 0, z: 0}
  m_LocalScale: {x: 1, y: 1, z: 1}
  m_Children: []
  m_Father: {fileID: 0}
  m_RootOrder: 6
  m_LocalEulerAnglesHint: {x: 0, y: 0, z: 0}
--- !u!1001 &839716771
PrefabInstance:
  m_ObjectHideFlags: 0
  serializedVersion: 2
  m_Modification:
    m_TransformParent: {fileID: 0}
    m_Modifications:
    - target: {fileID: 22438304, guid: 427a7510ca915f342b3163b914ddd08e, type: 3}
      propertyPath: m_Pivot.x
      value: 0
      objectReference: {fileID: 0}
    - target: {fileID: 22438304, guid: 427a7510ca915f342b3163b914ddd08e, type: 3}
      propertyPath: m_Pivot.y
      value: 0
      objectReference: {fileID: 0}
    - target: {fileID: 22438304, guid: 427a7510ca915f342b3163b914ddd08e, type: 3}
      propertyPath: m_RootOrder
      value: 2
      objectReference: {fileID: 0}
    - target: {fileID: 22438304, guid: 427a7510ca915f342b3163b914ddd08e, type: 3}
      propertyPath: m_AnchorMax.x
      value: 0
      objectReference: {fileID: 0}
    - target: {fileID: 22438304, guid: 427a7510ca915f342b3163b914ddd08e, type: 3}
      propertyPath: m_AnchorMax.y
      value: 0
      objectReference: {fileID: 0}
    - target: {fileID: 22438304, guid: 427a7510ca915f342b3163b914ddd08e, type: 3}
      propertyPath: m_AnchorMin.x
      value: 0
      objectReference: {fileID: 0}
    - target: {fileID: 22438304, guid: 427a7510ca915f342b3163b914ddd08e, type: 3}
      propertyPath: m_AnchorMin.y
      value: 0
      objectReference: {fileID: 0}
    - target: {fileID: 22438304, guid: 427a7510ca915f342b3163b914ddd08e, type: 3}
      propertyPath: m_SizeDelta.x
      value: 0
      objectReference: {fileID: 0}
    - target: {fileID: 22438304, guid: 427a7510ca915f342b3163b914ddd08e, type: 3}
      propertyPath: m_SizeDelta.y
      value: 0
      objectReference: {fileID: 0}
    - target: {fileID: 22438304, guid: 427a7510ca915f342b3163b914ddd08e, type: 3}
      propertyPath: m_LocalPosition.x
      value: 0
      objectReference: {fileID: 0}
    - target: {fileID: 22438304, guid: 427a7510ca915f342b3163b914ddd08e, type: 3}
      propertyPath: m_LocalPosition.y
      value: 0
      objectReference: {fileID: 0}
    - target: {fileID: 22438304, guid: 427a7510ca915f342b3163b914ddd08e, type: 3}
      propertyPath: m_LocalPosition.z
      value: 0
      objectReference: {fileID: 0}
    - target: {fileID: 22438304, guid: 427a7510ca915f342b3163b914ddd08e, type: 3}
      propertyPath: m_LocalRotation.w
      value: 1
      objectReference: {fileID: 0}
    - target: {fileID: 22438304, guid: 427a7510ca915f342b3163b914ddd08e, type: 3}
      propertyPath: m_LocalRotation.x
      value: 0
      objectReference: {fileID: 0}
    - target: {fileID: 22438304, guid: 427a7510ca915f342b3163b914ddd08e, type: 3}
      propertyPath: m_LocalRotation.y
      value: 0
      objectReference: {fileID: 0}
    - target: {fileID: 22438304, guid: 427a7510ca915f342b3163b914ddd08e, type: 3}
      propertyPath: m_LocalRotation.z
      value: 0
      objectReference: {fileID: 0}
    - target: {fileID: 22438304, guid: 427a7510ca915f342b3163b914ddd08e, type: 3}
      propertyPath: m_AnchoredPosition.x
      value: 0
      objectReference: {fileID: 0}
    - target: {fileID: 22438304, guid: 427a7510ca915f342b3163b914ddd08e, type: 3}
      propertyPath: m_AnchoredPosition.y
      value: 0
      objectReference: {fileID: 0}
    - target: {fileID: 224000010421406274, guid: 427a7510ca915f342b3163b914ddd08e,
        type: 3}
      propertyPath: m_AnchoredPosition.x
      value: 0
      objectReference: {fileID: 0}
    m_RemovedComponents: []
  m_SourcePrefab: {fileID: 100100000, guid: 427a7510ca915f342b3163b914ddd08e, type: 3}
--- !u!1 &851045610
GameObject:
  m_ObjectHideFlags: 0
  m_CorrespondingSourceObject: {fileID: 0}
  m_PrefabInstance: {fileID: 0}
  m_PrefabAsset: {fileID: 0}
  serializedVersion: 6
  m_Component:
  - component: {fileID: 851045612}
  - component: {fileID: 851045611}
  m_Layer: 0
  m_Name: Directional Light
  m_TagString: Untagged
  m_Icon: {fileID: 0}
  m_NavMeshLayer: 0
  m_StaticEditorFlags: 0
  m_IsActive: 1
--- !u!108 &851045611
Light:
  m_ObjectHideFlags: 0
  m_CorrespondingSourceObject: {fileID: 0}
  m_PrefabInstance: {fileID: 0}
  m_PrefabAsset: {fileID: 0}
  m_GameObject: {fileID: 851045610}
  m_Enabled: 1
  serializedVersion: 10
  m_Type: 1
  m_Shape: 0
  m_Color: {r: 1, g: 0.90360004, b: 0.759, a: 1}
  m_Intensity: 1.25
  m_Range: 10
  m_SpotAngle: 30
  m_InnerSpotAngle: 21.80208
  m_CookieSize: 10
  m_Shadows:
    m_Type: 2
    m_Resolution: -1
    m_CustomResolution: -1
    m_Strength: 0.905
    m_Bias: 0.05
    m_NormalBias: 0.4
    m_NearPlane: 0.2
    m_CullingMatrixOverride:
      e00: 1
      e01: 0
      e02: 0
      e03: 0
      e10: 0
      e11: 1
      e12: 0
      e13: 0
      e20: 0
      e21: 0
      e22: 1
      e23: 0
      e30: 0
      e31: 0
      e32: 0
      e33: 1
    m_UseCullingMatrixOverride: 0
  m_Cookie: {fileID: 0}
  m_DrawHalo: 0
  m_Flare: {fileID: 12100000, guid: 54fbbf098d116effa00081aba8ad6659, type: 2}
  m_RenderMode: 0
  m_CullingMask:
    serializedVersion: 2
    m_Bits: 4294967295
  m_RenderingLayerMask: 1
  m_Lightmapping: 1
  m_LightShadowCasterMode: 0
  m_AreaSize: {x: 1, y: 1}
  m_BounceIntensity: 1
  m_ColorTemperature: 6570
  m_UseColorTemperature: 0
  m_BoundingSphereOverride: {x: 0, y: 0, z: 0, w: 0}
  m_UseBoundingSphereOverride: 0
  m_UseViewFrustumForShadowCasterCull: 1
  m_ShadowRadius: 0
  m_ShadowAngle: 0
--- !u!4 &851045612
Transform:
  m_ObjectHideFlags: 0
  m_CorrespondingSourceObject: {fileID: 0}
  m_PrefabInstance: {fileID: 0}
  m_PrefabAsset: {fileID: 0}
  m_GameObject: {fileID: 851045610}
  m_LocalRotation: {x: 0.09379456, y: -0.8685185, z: 0.18017767, w: 0.4521221}
  m_LocalPosition: {x: 18881.836, y: 8929.579, z: 14696.366}
  m_LocalScale: {x: 1, y: 1, z: 1}
  m_Children: []
  m_Father: {fileID: 0}
  m_RootOrder: 4
  m_LocalEulerAnglesHint: {x: 23.44, y: -125, z: 0}
--- !u!1 &861900323
GameObject:
  m_ObjectHideFlags: 0
  m_CorrespondingSourceObject: {fileID: 0}
  m_PrefabInstance: {fileID: 0}
  m_PrefabAsset: {fileID: 0}
  serializedVersion: 6
  m_Component:
  - component: {fileID: 861900325}
  - component: {fileID: 861900324}
  m_Layer: 0
  m_Name: Rewired Input Manager
  m_TagString: Untagged
  m_Icon: {fileID: 0}
  m_NavMeshLayer: 0
  m_StaticEditorFlags: 0
  m_IsActive: 1
--- !u!114 &861900324
MonoBehaviour:
  m_ObjectHideFlags: 0
  m_CorrespondingSourceObject: {fileID: 0}
  m_PrefabInstance: {fileID: 0}
  m_PrefabAsset: {fileID: 0}
  m_GameObject: {fileID: 861900323}
  m_Enabled: 1
  m_EditorHideFlags: 0
  m_Script: {fileID: 11500000, guid: 581b3e3c96df0ef42aef16b63b27b87f, type: 3}
  m_Name: 
  m_EditorClassIdentifier: 
  _dontDestroyOnLoad: 1
  _userData:
    configVars:
      updateLoop: 1
      alwaysUseUnityInput: 0
      windowsStandalonePrimaryInputSource: 0
      osx_primaryInputSource: 0
      linux_primaryInputSource: 0
      windowsUWP_primaryInputSource: 0
      xboxOne_primaryInputSource: 0
      ps4_primaryInputSource: 0
      useXInput: 1
      useNativeMouse: 1
      useEnhancedDeviceSupport: 1
      windowsStandalone_useSteamRawInputControllerWorkaround: 0
      osxStandalone_useEnhancedDeviceSupport: 1
      android_supportUnknownGamepads: 0
      ps4_assignJoysticksByPS4JoyId: 1
      useSteamControllerSupport: 1
      platformVars_allPlatforms:
        disableKeyboard: 0
        ignoreInputWhenAppNotInFocus: 1
      platformVars_windowsStandalone:
        disableKeyboard: 0
        ignoreInputWhenAppNotInFocus: 1
      platformVars_linuxStandalone:
        disableKeyboard: 0
        ignoreInputWhenAppNotInFocus: 1
      platformVars_osxStandalone:
        disableKeyboard: 0
        ignoreInputWhenAppNotInFocus: 1
      platformVars_windows8Store:
        disableKeyboard: 0
        ignoreInputWhenAppNotInFocus: 1
      platformVars_windowsUWP:
        disableKeyboard: 0
        ignoreInputWhenAppNotInFocus: 1
      platformVars_iOS:
        disableKeyboard: 0
        ignoreInputWhenAppNotInFocus: 1
      platformVars_tvOS:
        disableKeyboard: 0
        ignoreInputWhenAppNotInFocus: 1
      platformVars_android:
        disableKeyboard: 0
        ignoreInputWhenAppNotInFocus: 1
      platformVars_ps3:
        disableKeyboard: 0
        ignoreInputWhenAppNotInFocus: 1
      platformVars_ps4:
        disableKeyboard: 0
        ignoreInputWhenAppNotInFocus: 1
      platformVars_psVita:
        disableKeyboard: 0
        ignoreInputWhenAppNotInFocus: 1
      platformVars_xbox360:
        disableKeyboard: 0
        ignoreInputWhenAppNotInFocus: 1
      platformVars_xboxOne:
        disableKeyboard: 0
        ignoreInputWhenAppNotInFocus: 1
      platformVars_wii:
        disableKeyboard: 0
        ignoreInputWhenAppNotInFocus: 1
      platformVars_wiiu:
        disableKeyboard: 0
        ignoreInputWhenAppNotInFocus: 1
      platformVars_webGL:
        disableKeyboard: 0
        ignoreInputWhenAppNotInFocus: 1
      maxJoysticksPerPlayer: 1
      autoAssignJoysticks: 1
      assignJoysticksToPlayingPlayersOnly: 0
      distributeJoysticksEvenly: 1
      reassignJoystickToPreviousOwnerOnReconnect: 1
      defaultJoystickAxis2DDeadZoneType: 1
      force4WayHats: 0
      editorSettings:
        exportConsts_useParentClass: 0
        exportConsts_parentClassName: RewiredConsts
        exportConsts_useNamespace: 1
        exportConsts_namespace: RewiredConsts
        exportConsts_actions: 1
        exportConsts_actionsClassName: Action
        exportConsts_actionsIncludeActionCategory: 0
        exportConsts_mapCategories: 1
        exportConsts_mapCategoriesClassName: Category
        exportConsts_layouts: 1
        exportConsts_layoutsClassName: Layout
    players:
    - _id: 9999999
      _name: System
      _descriptiveName: System
      _startPlaying: 1
      _defaultJoystickMaps:
      - _enabled: 1
        _categoryId: 0
        _layoutId: 0
      _defaultMouseMaps:
      - _enabled: 1
        _categoryId: 0
        _layoutId: 0
      _defaultKeyboardMaps:
      - _enabled: 1
        _categoryId: 0
        _layoutId: 0
      _defaultCustomControllerMaps:
      - _enabled: 1
        _categoryId: 0
        _layoutId: 0
      _startingCustomControllers: []
      _assignMouseOnStart: 1
      _excludeFromControllerAutoAssignment: 1
    - _id: 1
      _name: RTC_Player
      _descriptiveName: RTC_Player
      _startPlaying: 1
      _defaultJoystickMaps:
      - _enabled: 1
        _categoryId: 0
        _layoutId: 0
      _defaultMouseMaps:
      - _enabled: 1
        _categoryId: 0
        _layoutId: 0
      _defaultKeyboardMaps:
      - _enabled: 1
        _categoryId: 0
        _layoutId: 0
      _defaultCustomControllerMaps:
      - _enabled: 1
        _categoryId: 0
        _layoutId: 0
      _startingCustomControllers: []
      _assignMouseOnStart: 1
      _excludeFromControllerAutoAssignment: 0
    actions:
    - _id: 0
      _name: Gas
      _type: 0
      _descriptiveName: Gas
      _positiveDescriptiveName: 
      _negativeDescriptiveName: 
      _behaviorId: 0
      _userAssignable: 1
      _categoryId: 0
    - _id: 1
      _name: Steer
      _type: 0
      _descriptiveName: Steer
      _positiveDescriptiveName: 
      _negativeDescriptiveName: 
      _behaviorId: 0
      _userAssignable: 1
      _categoryId: 0
    - _id: 2
      _name: Fire
      _type: 1
      _descriptiveName: Fire
      _positiveDescriptiveName: 
      _negativeDescriptiveName: 
      _behaviorId: 0
      _userAssignable: 1
      _categoryId: 0
    - _id: 3
      _name: AimX
      _type: 0
      _descriptiveName: AimX
      _positiveDescriptiveName: 
      _negativeDescriptiveName: 
      _behaviorId: 0
      _userAssignable: 1
      _categoryId: 0
    - _id: 4
      _name: AimY
      _type: 0
      _descriptiveName: AimY
      _positiveDescriptiveName: 
      _negativeDescriptiveName: 
      _behaviorId: 0
      _userAssignable: 1
      _categoryId: 0
    - _id: 5
      _name: StartEngine
      _type: 1
      _descriptiveName: StartEngine
      _positiveDescriptiveName: 
      _negativeDescriptiveName: 
      _behaviorId: 0
      _userAssignable: 1
      _categoryId: 0
    - _id: 6
      _name: Handbrake
      _type: 1
      _descriptiveName: Handbrake
      _positiveDescriptiveName: 
      _negativeDescriptiveName: 
      _behaviorId: 0
      _userAssignable: 1
      _categoryId: 0
    - _id: 7
      _name: Headlights
      _type: 1
      _descriptiveName: Headlights
      _positiveDescriptiveName: 
      _negativeDescriptiveName: 
      _behaviorId: 0
      _userAssignable: 1
      _categoryId: 0
    - _id: 8
      _name: ChangeCamera
      _type: 1
      _descriptiveName: ChangeCamera
      _positiveDescriptiveName: 
      _negativeDescriptiveName: 
      _behaviorId: 0
      _userAssignable: 1
      _categoryId: 0
    - _id: 9
      _name: EnterExitVehicle
      _type: 1
      _descriptiveName: EnterExitVehicle
      _positiveDescriptiveName: 
      _negativeDescriptiveName: 
      _behaviorId: 0
      _userAssignable: 1
      _categoryId: 0
    - _id: 10
      _name: ChangeAmmo
      _type: 1
      _descriptiveName: ChangeAmmo
      _positiveDescriptiveName: 
      _negativeDescriptiveName: 
      _behaviorId: 0
      _userAssignable: 1
      _categoryId: 0
    actionCategories:
    - _name: Default
      _descriptiveName: Default
      _tag: 
      _id: 0
      _userAssignable: 1
    actionCategoryMap:
      list:
      - categoryId: 0
        actionIds: 000000000100000002000000030000000400000005000000060000000700000008000000090000000a000000
    inputBehaviors:
    - _id: 0
      _name: Default
      _joystickAxisSensitivity: 1
      _digitalAxisSimulation: 1
      _digitalAxisSnap: 1
      _digitalAxisInstantReverse: 0
      _digitalAxisGravity: 3
      _digitalAxisSensitivity: 3
      _mouseXYAxisMode: 0
      _mouseOtherAxisMode: 0
      _mouseXYAxisSensitivity: 0.1
      _mouseXYAxisDeltaCalc: 0
      _mouseOtherAxisSensitivity: 1
      _customControllerAxisSensitivity: 1
      _buttonDoublePressSpeed: 0.3
      _buttonShortPressTime: 0.25
      _buttonShortPressExpiresIn: 0
      _buttonLongPressTime: 1
      _buttonLongPressExpiresIn: 0
      _buttonDeadZone: 0.5
      _buttonDownBuffer: 0
    mapCategories:
    - _name: Default
      _descriptiveName: Default
      _tag: 
      _id: 0
      _userAssignable: 1
      _checkConflictsWithAllCategories: 1
      _checkConflictsCategoryIds: 
    joystickLayouts:
    - _name: Default
      _descriptiveName: Default
      _id: 0
    keyboardLayouts:
    - _name: Default
      _descriptiveName: Default
      _id: 0
    mouseLayouts:
    - _name: Default
      _descriptiveName: Default
      _id: 0
    customControllerLayouts:
    - _name: Default
      _descriptiveName: Default
      _id: 0
    joystickMaps:
    - id: 3
      categoryId: 0
      layoutId: 0
      name: 
      hardwareGuidString: cd9718bf-a87a-44bc-8716-60a0def28a9f
      customControllerUid: 0
      actionElementMaps:
      - _actionCategoryId: 0
        _actionId: 1
        _elementType: 0
        _elementIdentifierId: 0
        _axisRange: 0
        _invert: 0
        _axisContribution: 0
        _keyboardKeyCode: 0
        _modifierKey1: 0
        _modifierKey2: 0
        _modifierKey3: 0
      - _actionCategoryId: 0
        _actionId: 0
        _elementType: 0
        _elementIdentifierId: 1
        _axisRange: 0
        _invert: 0
        _axisContribution: 0
        _keyboardKeyCode: 0
        _modifierKey1: 0
        _modifierKey2: 0
        _modifierKey3: 0
      - _actionCategoryId: 0
        _actionId: 3
        _elementType: 0
        _elementIdentifierId: 2
        _axisRange: 0
        _invert: 0
        _axisContribution: 0
        _keyboardKeyCode: 0
        _modifierKey1: 0
        _modifierKey2: 0
        _modifierKey3: 0
      - _actionCategoryId: 0
        _actionId: 4
        _elementType: 0
        _elementIdentifierId: 3
        _axisRange: 0
        _invert: 0
        _axisContribution: 0
        _keyboardKeyCode: 0
        _modifierKey1: 0
        _modifierKey2: 0
        _modifierKey3: 0
      - _actionCategoryId: 0
        _actionId: -1
        _elementType: 1
        _elementIdentifierId: 6
        _axisRange: 0
        _invert: 0
        _axisContribution: 0
        _keyboardKeyCode: 0
        _modifierKey1: 0
        _modifierKey2: 0
        _modifierKey3: 0
      - _actionCategoryId: 0
        _actionId: 10
        _elementType: 1
        _elementIdentifierId: 7
        _axisRange: 0
        _invert: 0
        _axisContribution: 0
        _keyboardKeyCode: 0
        _modifierKey1: 0
        _modifierKey2: 0
        _modifierKey3: 0
      - _actionCategoryId: 0
        _actionId: 2
        _elementType: 1
        _elementIdentifierId: 8
        _axisRange: 0
        _invert: 0
        _axisContribution: 0
        _keyboardKeyCode: 0
        _modifierKey1: 0
        _modifierKey2: 0
        _modifierKey3: 0
      - _actionCategoryId: 0
        _actionId: 9
        _elementType: 1
        _elementIdentifierId: 9
        _axisRange: 0
        _invert: 0
        _axisContribution: 0
        _keyboardKeyCode: 0
        _modifierKey1: 0
        _modifierKey2: 0
        _modifierKey3: 0
      - _actionCategoryId: 0
        _actionId: 7
        _elementType: 1
        _elementIdentifierId: 10
        _axisRange: 0
        _invert: 0
        _axisContribution: 0
        _keyboardKeyCode: 0
        _modifierKey1: 0
        _modifierKey2: 0
        _modifierKey3: 0
      - _actionCategoryId: 0
        _actionId: 0
        _elementType: 0
        _elementIdentifierId: 4
        _axisRange: 1
        _invert: 0
        _axisContribution: 1
        _keyboardKeyCode: 0
        _modifierKey1: 0
        _modifierKey2: 0
        _modifierKey3: 0
      - _actionCategoryId: 0
        _actionId: 8
        _elementType: 1
        _elementIdentifierId: 11
        _axisRange: 0
        _invert: 0
        _axisContribution: 0
        _keyboardKeyCode: 0
        _modifierKey1: 0
        _modifierKey2: 0
        _modifierKey3: 0
      - _actionCategoryId: 0
        _actionId: 0
        _elementType: 0
        _elementIdentifierId: 5
        _axisRange: 1
        _invert: 0
        _axisContribution: 0
        _keyboardKeyCode: 0
        _modifierKey1: 0
        _modifierKey2: 0
        _modifierKey3: 0
      - _actionCategoryId: 0
        _actionId: -1
        _elementType: 1
        _elementIdentifierId: 12
        _axisRange: 0
        _invert: 0
        _axisContribution: 0
        _keyboardKeyCode: 0
        _modifierKey1: 0
        _modifierKey2: 0
        _modifierKey3: 0
      - _actionCategoryId: 0
        _actionId: -1
        _elementType: 1
        _elementIdentifierId: 13
        _axisRange: 0
        _invert: 0
        _axisContribution: 0
        _keyboardKeyCode: 0
        _modifierKey1: 0
        _modifierKey2: 0
        _modifierKey3: 0
      - _actionCategoryId: 0
        _actionId: -1
        _elementType: 1
        _elementIdentifierId: 14
        _axisRange: 0
        _invert: 0
        _axisContribution: 0
        _keyboardKeyCode: 0
        _modifierKey1: 0
        _modifierKey2: 0
        _modifierKey3: 0
      - _actionCategoryId: 0
        _actionId: -1
        _elementType: 1
        _elementIdentifierId: 15
        _axisRange: 0
        _invert: 0
        _axisContribution: 0
        _keyboardKeyCode: 0
        _modifierKey1: 0
        _modifierKey2: 0
        _modifierKey3: 0
      - _actionCategoryId: 0
        _actionId: -1
        _elementType: 1
        _elementIdentifierId: 16
        _axisRange: 0
        _invert: 0
        _axisContribution: 0
        _keyboardKeyCode: 0
        _modifierKey1: 0
        _modifierKey2: 0
        _modifierKey3: 0
      - _actionCategoryId: 0
        _actionId: -1
        _elementType: 1
        _elementIdentifierId: 17
        _axisRange: 0
        _invert: 0
        _axisContribution: 0
        _keyboardKeyCode: 0
        _modifierKey1: 0
        _modifierKey2: 0
        _modifierKey3: 0
      - _actionCategoryId: 0
        _actionId: -1
        _elementType: 1
        _elementIdentifierId: 18
        _axisRange: 0
        _invert: 0
        _axisContribution: 0
        _keyboardKeyCode: 0
        _modifierKey1: 0
        _modifierKey2: 0
        _modifierKey3: 0
      - _actionCategoryId: 0
        _actionId: -1
        _elementType: 1
        _elementIdentifierId: 19
        _axisRange: 0
        _invert: 0
        _axisContribution: 0
        _keyboardKeyCode: 0
        _modifierKey1: 0
        _modifierKey2: 0
        _modifierKey3: 0
      - _actionCategoryId: 0
        _actionId: -1
        _elementType: 1
        _elementIdentifierId: 20
        _axisRange: 0
        _invert: 0
        _axisContribution: 0
        _keyboardKeyCode: 0
        _modifierKey1: 0
        _modifierKey2: 0
        _modifierKey3: 0
      - _actionCategoryId: 0
        _actionId: -1
        _elementType: 1
        _elementIdentifierId: 21
        _axisRange: 0
        _invert: 0
        _axisContribution: 0
        _keyboardKeyCode: 0
        _modifierKey1: 0
        _modifierKey2: 0
        _modifierKey3: 0
    - id: 4
      categoryId: 0
      layoutId: 0
      name: 
      hardwareGuidString: 83b427e4-086f-47f3-bb06-be266abd1ca5
      customControllerUid: 0
      actionElementMaps:
      - _actionCategoryId: 0
        _actionId: 0
        _elementType: 0
        _elementIdentifierId: 0
        _axisRange: 0
        _invert: 0
        _axisContribution: 0
        _keyboardKeyCode: 0
        _modifierKey1: 0
        _modifierKey2: 0
        _modifierKey3: 0
      - _actionCategoryId: 0
        _actionId: 1
        _elementType: 0
        _elementIdentifierId: 1
        _axisRange: 0
        _invert: 0
        _axisContribution: 0
        _keyboardKeyCode: 0
        _modifierKey1: 0
        _modifierKey2: 0
        _modifierKey3: 0
      - _actionCategoryId: 0
        _actionId: 3
        _elementType: 0
        _elementIdentifierId: 2
        _axisRange: 0
        _invert: 0
        _axisContribution: 0
        _keyboardKeyCode: 0
        _modifierKey1: 0
        _modifierKey2: 0
        _modifierKey3: 0
      - _actionCategoryId: 0
        _actionId: 4
        _elementType: 0
        _elementIdentifierId: 3
        _axisRange: 0
        _invert: 0
        _axisContribution: 0
        _keyboardKeyCode: 0
        _modifierKey1: 0
        _modifierKey2: 0
        _modifierKey3: 0
      - _actionCategoryId: 0
        _actionId: 5
        _elementType: 1
        _elementIdentifierId: 4
        _axisRange: 0
        _invert: 0
        _axisContribution: 0
        _keyboardKeyCode: 0
        _modifierKey1: 0
        _modifierKey2: 0
        _modifierKey3: 0
      - _actionCategoryId: 0
        _actionId: 6
        _elementType: 1
        _elementIdentifierId: 5
        _axisRange: 0
        _invert: 0
        _axisContribution: 0
        _keyboardKeyCode: 0
        _modifierKey1: 0
        _modifierKey2: 0
        _modifierKey3: 0
      - _actionCategoryId: 0
        _actionId: 8
        _elementType: 1
        _elementIdentifierId: 6
        _axisRange: 0
        _invert: 0
        _axisContribution: 0
        _keyboardKeyCode: 0
        _modifierKey1: 0
        _modifierKey2: 0
        _modifierKey3: 0
      - _actionCategoryId: 0
        _actionId: 9
        _elementType: 1
        _elementIdentifierId: 7
        _axisRange: 0
        _invert: 0
        _axisContribution: 0
        _keyboardKeyCode: 0
        _modifierKey1: 0
        _modifierKey2: 0
        _modifierKey3: 0
      - _actionCategoryId: 0
        _actionId: 10
        _elementType: 1
        _elementIdentifierId: 8
        _axisRange: 0
        _invert: 0
        _axisContribution: 0
        _keyboardKeyCode: 0
        _modifierKey1: 0
        _modifierKey2: 0
        _modifierKey3: 0
      - _actionCategoryId: 0
        _actionId: 2
        _elementType: 1
        _elementIdentifierId: 9
        _axisRange: 0
        _invert: 0
        _axisContribution: 0
        _keyboardKeyCode: 0
        _modifierKey1: 0
        _modifierKey2: 0
        _modifierKey3: 0
      - _actionCategoryId: 0
        _actionId: -1
        _elementType: 1
        _elementIdentifierId: 10
        _axisRange: 0
        _invert: 0
        _axisContribution: 0
        _keyboardKeyCode: 0
        _modifierKey1: 0
        _modifierKey2: 0
        _modifierKey3: 0
      - _actionCategoryId: 0
        _actionId: -1
        _elementType: 1
        _elementIdentifierId: 11
        _axisRange: 0
        _invert: 0
        _axisContribution: 0
        _keyboardKeyCode: 0
        _modifierKey1: 0
        _modifierKey2: 0
        _modifierKey3: 0
      - _actionCategoryId: 0
        _actionId: -1
        _elementType: 1
        _elementIdentifierId: 12
        _axisRange: 0
        _invert: 0
        _axisContribution: 0
        _keyboardKeyCode: 0
        _modifierKey1: 0
        _modifierKey2: 0
        _modifierKey3: 0
      - _actionCategoryId: 0
        _actionId: -1
        _elementType: 1
        _elementIdentifierId: 13
        _axisRange: 0
        _invert: 0
        _axisContribution: 0
        _keyboardKeyCode: 0
        _modifierKey1: 0
        _modifierKey2: 0
        _modifierKey3: 0
      - _actionCategoryId: 0
        _actionId: -1
        _elementType: 1
        _elementIdentifierId: 14
        _axisRange: 0
        _invert: 0
        _axisContribution: 0
        _keyboardKeyCode: 0
        _modifierKey1: 0
        _modifierKey2: 0
        _modifierKey3: 0
      - _actionCategoryId: 0
        _actionId: -1
        _elementType: 1
        _elementIdentifierId: 15
        _axisRange: 0
        _invert: 0
        _axisContribution: 0
        _keyboardKeyCode: 0
        _modifierKey1: 0
        _modifierKey2: 0
        _modifierKey3: 0
      - _actionCategoryId: 0
        _actionId: -1
        _elementType: 1
        _elementIdentifierId: 16
        _axisRange: 0
        _invert: 0
        _axisContribution: 0
        _keyboardKeyCode: 0
        _modifierKey1: 0
        _modifierKey2: 0
        _modifierKey3: 0
      - _actionCategoryId: 0
        _actionId: -1
        _elementType: 1
        _elementIdentifierId: 17
        _axisRange: 0
        _invert: 0
        _axisContribution: 0
        _keyboardKeyCode: 0
        _modifierKey1: 0
        _modifierKey2: 0
        _modifierKey3: 0
      - _actionCategoryId: 0
        _actionId: -1
        _elementType: 1
        _elementIdentifierId: 18
        _axisRange: 0
        _invert: 0
        _axisContribution: 0
        _keyboardKeyCode: 0
        _modifierKey1: 0
        _modifierKey2: 0
        _modifierKey3: 0
      - _actionCategoryId: 0
        _actionId: -1
        _elementType: 1
        _elementIdentifierId: 19
        _axisRange: 0
        _invert: 0
        _axisContribution: 0
        _keyboardKeyCode: 0
        _modifierKey1: 0
        _modifierKey2: 0
        _modifierKey3: 0
      - _actionCategoryId: 0
        _actionId: -1
        _elementType: 1
        _elementIdentifierId: 20
        _axisRange: 0
        _invert: 0
        _axisContribution: 0
        _keyboardKeyCode: 0
        _modifierKey1: 0
        _modifierKey2: 0
        _modifierKey3: 0
      - _actionCategoryId: 0
        _actionId: -1
        _elementType: 1
        _elementIdentifierId: 21
        _axisRange: 0
        _invert: 0
        _axisContribution: 0
        _keyboardKeyCode: 0
        _modifierKey1: 0
        _modifierKey2: 0
        _modifierKey3: 0
      - _actionCategoryId: 0
        _actionId: -1
        _elementType: 1
        _elementIdentifierId: 22
        _axisRange: 0
        _invert: 0
        _axisContribution: 0
        _keyboardKeyCode: 0
        _modifierKey1: 0
        _modifierKey2: 0
        _modifierKey3: 0
    keyboardMaps:
    - id: 0
      categoryId: 0
      layoutId: 0
      name: 
      hardwareGuidString: 
      customControllerUid: 0
      actionElementMaps:
      - _actionCategoryId: 0
        _actionId: 0
        _elementType: 1
        _elementIdentifierId: -1
        _axisRange: 0
        _invert: 0
        _axisContribution: 0
        _keyboardKeyCode: 119
        _modifierKey1: 0
        _modifierKey2: 0
        _modifierKey3: 0
      - _actionCategoryId: 0
        _actionId: 0
        _elementType: 1
        _elementIdentifierId: -1
        _axisRange: 0
        _invert: 0
        _axisContribution: 1
        _keyboardKeyCode: 115
        _modifierKey1: 0
        _modifierKey2: 0
        _modifierKey3: 0
      - _actionCategoryId: 0
        _actionId: 1
        _elementType: 1
        _elementIdentifierId: -1
        _axisRange: 0
        _invert: 0
        _axisContribution: 0
        _keyboardKeyCode: 100
        _modifierKey1: 0
        _modifierKey2: 0
        _modifierKey3: 0
      - _actionCategoryId: 0
        _actionId: 1
        _elementType: 1
        _elementIdentifierId: -1
        _axisRange: 0
        _invert: 0
        _axisContribution: 1
        _keyboardKeyCode: 97
        _modifierKey1: 0
        _modifierKey2: 0
        _modifierKey3: 0
      - _actionCategoryId: 0
        _actionId: 5
        _elementType: 1
        _elementIdentifierId: -1
        _axisRange: 0
        _invert: 0
        _axisContribution: 0
        _keyboardKeyCode: 105
        _modifierKey1: 0
        _modifierKey2: 0
        _modifierKey3: 0
      - _actionCategoryId: 0
        _actionId: 6
        _elementType: 1
        _elementIdentifierId: -1
        _axisRange: 0
        _invert: 0
        _axisContribution: 0
        _keyboardKeyCode: 32
        _modifierKey1: 0
        _modifierKey2: 0
        _modifierKey3: 0
      - _actionCategoryId: 0
        _actionId: 7
        _elementType: 1
        _elementIdentifierId: -1
        _axisRange: 0
        _invert: 0
        _axisContribution: 0
        _keyboardKeyCode: 104
        _modifierKey1: 0
        _modifierKey2: 0
        _modifierKey3: 0
      - _actionCategoryId: 0
        _actionId: 10
        _elementType: 1
        _elementIdentifierId: -1
        _axisRange: 0
        _invert: 0
        _axisContribution: 0
        _keyboardKeyCode: 102
        _modifierKey1: 0
        _modifierKey2: 0
        _modifierKey3: 0
      - _actionCategoryId: 0
        _actionId: 8
        _elementType: 1
        _elementIdentifierId: -1
        _axisRange: 0
        _invert: 0
        _axisContribution: 0
        _keyboardKeyCode: 99
        _modifierKey1: 0
        _modifierKey2: 0
        _modifierKey3: 0
      - _actionCategoryId: 0
        _actionId: 9
        _elementType: 1
        _elementIdentifierId: -1
        _axisRange: 0
        _invert: 0
        _axisContribution: 0
        _keyboardKeyCode: 101
        _modifierKey1: 0
        _modifierKey2: 0
        _modifierKey3: 0
    mouseMaps:
    - id: 0
      categoryId: 0
      layoutId: 0
      name: 
      hardwareGuidString: 
      customControllerUid: 0
      actionElementMaps:
      - _actionCategoryId: 0
        _actionId: 2
        _elementType: 1
        _elementIdentifierId: 3
        _axisRange: 0
        _invert: 0
        _axisContribution: 0
        _keyboardKeyCode: 0
        _modifierKey1: 0
        _modifierKey2: 0
        _modifierKey3: 0
      - _actionCategoryId: 0
        _actionId: 3
        _elementType: 0
        _elementIdentifierId: 0
        _axisRange: 0
        _invert: 0
        _axisContribution: 0
        _keyboardKeyCode: 0
        _modifierKey1: 0
        _modifierKey2: 0
        _modifierKey3: 0
      - _actionCategoryId: 0
        _actionId: 4
        _elementType: 0
        _elementIdentifierId: 1
        _axisRange: 0
        _invert: 0
        _axisContribution: 0
        _keyboardKeyCode: 0
        _modifierKey1: 0
        _modifierKey2: 0
        _modifierKey3: 0
    customControllerMaps: []
    customControllers: []
    playerIdCounter: 2
    actionIdCounter: 11
    actionCategoryIdCounter: 1
    inputBehaviorIdCounter: 1
    mapCategoryIdCounter: 1
    joystickLayoutIdCounter: 1
    keyboardLayoutIdCounter: 1
    mouseLayoutIdCounter: 1
    customControllerLayoutIdCounter: 1
    joystickMapIdCounter: 5
    keyboardMapIdCounter: 1
    mouseMapIdCounter: 1
    customControllerMapIdCounter: 0
    customControllerIdCounter: 1
  _controllerDataFiles: {fileID: 11400000, guid: d21d2b20df8369642b76aafbb2576ba7,
    type: 2}
--- !u!4 &861900325
Transform:
  m_ObjectHideFlags: 0
  m_CorrespondingSourceObject: {fileID: 0}
  m_PrefabInstance: {fileID: 0}
  m_PrefabAsset: {fileID: 0}
  m_GameObject: {fileID: 861900323}
  m_LocalRotation: {x: 0, y: 0, z: 0, w: 1}
  m_LocalPosition: {x: 0, y: 0, z: 0}
  m_LocalScale: {x: 1, y: 1, z: 1}
  m_Children: []
  m_Father: {fileID: 0}
  m_RootOrder: 7
  m_LocalEulerAnglesHint: {x: 0, y: 0, z: 0}
--- !u!1001 &1026362419
PrefabInstance:
  m_ObjectHideFlags: 0
  serializedVersion: 2
  m_Modification:
    m_TransformParent: {fileID: 0}
    m_Modifications:
    - target: {fileID: 4000010577892816, guid: fea3246e74111904ea3655811799db29, type: 3}
      propertyPath: m_RootOrder
      value: 10
      objectReference: {fileID: 0}
    - target: {fileID: 4000010577892816, guid: fea3246e74111904ea3655811799db29, type: 3}
      propertyPath: m_LocalPosition.x
      value: 0
      objectReference: {fileID: 0}
    - target: {fileID: 4000010577892816, guid: fea3246e74111904ea3655811799db29, type: 3}
      propertyPath: m_LocalPosition.y
      value: 0
      objectReference: {fileID: 0}
    - target: {fileID: 4000010577892816, guid: fea3246e74111904ea3655811799db29, type: 3}
      propertyPath: m_LocalPosition.z
      value: 0
      objectReference: {fileID: 0}
    - target: {fileID: 4000010577892816, guid: fea3246e74111904ea3655811799db29, type: 3}
      propertyPath: m_LocalRotation.w
      value: 1
      objectReference: {fileID: 0}
    - target: {fileID: 4000010577892816, guid: fea3246e74111904ea3655811799db29, type: 3}
      propertyPath: m_LocalRotation.x
      value: 0
      objectReference: {fileID: 0}
    - target: {fileID: 4000010577892816, guid: fea3246e74111904ea3655811799db29, type: 3}
      propertyPath: m_LocalRotation.y
      value: 0
      objectReference: {fileID: 0}
    - target: {fileID: 4000010577892816, guid: fea3246e74111904ea3655811799db29, type: 3}
      propertyPath: m_LocalRotation.z
      value: 0
      objectReference: {fileID: 0}
    m_RemovedComponents: []
  m_SourcePrefab: {fileID: 100100000, guid: fea3246e74111904ea3655811799db29, type: 3}
--- !u!1001 &1104751776
PrefabInstance:
  m_ObjectHideFlags: 0
  serializedVersion: 2
  m_Modification:
    m_TransformParent: {fileID: 0}
    m_Modifications:
    - target: {fileID: 451336, guid: 5e326a396f81cc2489178a4497352fd4, type: 3}
      propertyPath: m_RootOrder
      value: 1
      objectReference: {fileID: 0}
    - target: {fileID: 451336, guid: 5e326a396f81cc2489178a4497352fd4, type: 3}
      propertyPath: m_LocalPosition.x
      value: 70.75
      objectReference: {fileID: 0}
    - target: {fileID: 451336, guid: 5e326a396f81cc2489178a4497352fd4, type: 3}
      propertyPath: m_LocalPosition.y
      value: 3
      objectReference: {fileID: 0}
    - target: {fileID: 451336, guid: 5e326a396f81cc2489178a4497352fd4, type: 3}
      propertyPath: m_LocalPosition.z
      value: 139.32
      objectReference: {fileID: 0}
    - target: {fileID: 451336, guid: 5e326a396f81cc2489178a4497352fd4, type: 3}
      propertyPath: m_LocalRotation.w
      value: 0.7227244
      objectReference: {fileID: 0}
    - target: {fileID: 451336, guid: 5e326a396f81cc2489178a4497352fd4, type: 3}
      propertyPath: m_LocalRotation.x
      value: 0.006542311
      objectReference: {fileID: 0}
    - target: {fileID: 451336, guid: 5e326a396f81cc2489178a4497352fd4, type: 3}
      propertyPath: m_LocalRotation.y
      value: 0.6910772
      objectReference: {fileID: 0}
    - target: {fileID: 451336, guid: 5e326a396f81cc2489178a4497352fd4, type: 3}
      propertyPath: m_LocalRotation.z
      value: -0.0062453197
      objectReference: {fileID: 0}
    m_RemovedComponents: []
  m_SourcePrefab: {fileID: 100100000, guid: 5e326a396f81cc2489178a4497352fd4, type: 3}
--- !u!4 &1193476388 stripped
Transform:
  m_CorrespondingSourceObject: {fileID: 451336, guid: 5e326a396f81cc2489178a4497352fd4,
    type: 3}
  m_PrefabInstance: {fileID: 1104751776}
  m_PrefabAsset: {fileID: 0}
--- !u!1001 &1288657938
PrefabInstance:
  m_ObjectHideFlags: 0
  serializedVersion: 2
  m_Modification:
    m_TransformParent: {fileID: 0}
    m_Modifications:
    - target: {fileID: 488436, guid: e7acbf53db0ed384fbfb137980137170, type: 3}
      propertyPath: m_RootOrder
      value: 0
      objectReference: {fileID: 0}
    - target: {fileID: 488436, guid: e7acbf53db0ed384fbfb137980137170, type: 3}
      propertyPath: m_LocalPosition.x
      value: 81.017654
      objectReference: {fileID: 0}
    - target: {fileID: 488436, guid: e7acbf53db0ed384fbfb137980137170, type: 3}
      propertyPath: m_LocalPosition.y
      value: 7.5589514
      objectReference: {fileID: 0}
    - target: {fileID: 488436, guid: e7acbf53db0ed384fbfb137980137170, type: 3}
      propertyPath: m_LocalPosition.z
      value: 134.52039
      objectReference: {fileID: 0}
    - target: {fileID: 488436, guid: e7acbf53db0ed384fbfb137980137170, type: 3}
      propertyPath: m_LocalRotation.w
      value: -0.8667952
      objectReference: {fileID: 0}
    - target: {fileID: 488436, guid: e7acbf53db0ed384fbfb137980137170, type: 3}
      propertyPath: m_LocalRotation.x
      value: -0.12729359
      objectReference: {fileID: 0}
    - target: {fileID: 488436, guid: e7acbf53db0ed384fbfb137980137170, type: 3}
      propertyPath: m_LocalRotation.y
      value: 0.47702724
      objectReference: {fileID: 0}
    - target: {fileID: 488436, guid: e7acbf53db0ed384fbfb137980137170, type: 3}
      propertyPath: m_LocalRotation.z
      value: -0.070054
      objectReference: {fileID: 0}
    - target: {fileID: 11494202, guid: e7acbf53db0ed384fbfb137980137170, type: 3}
      propertyPath: currentTank
      value: 
      objectReference: {fileID: 1193476388}
    m_RemovedComponents: []
  m_SourcePrefab: {fileID: 100100000, guid: e7acbf53db0ed384fbfb137980137170, type: 3}
--- !u!1 &1432446604 stripped
GameObject:
  m_CorrespondingSourceObject: {fileID: 100000, guid: 780611a67e8e941a2b3aa96e5915a793,
    type: 3}
  m_PrefabInstance: {fileID: 334540251}
  m_PrefabAsset: {fileID: 0}
--- !u!1 &1586947714
GameObject:
  m_ObjectHideFlags: 0
  m_CorrespondingSourceObject: {fileID: 0}
  m_PrefabInstance: {fileID: 0}
  m_PrefabAsset: {fileID: 0}
  serializedVersion: 6
  m_Component:
  - component: {fileID: 1586947716}
  - component: {fileID: 1586947715}
  m_Layer: 0
  m_Name: Lock&Hide Cursor
  m_TagString: Untagged
  m_Icon: {fileID: 0}
  m_NavMeshLayer: 0
  m_StaticEditorFlags: 0
  m_IsActive: 1
--- !u!114 &1586947715
MonoBehaviour:
  m_ObjectHideFlags: 0
  m_CorrespondingSourceObject: {fileID: 0}
  m_PrefabInstance: {fileID: 0}
  m_PrefabAsset: {fileID: 0}
  m_GameObject: {fileID: 1586947714}
  m_Enabled: 1
  m_EditorHideFlags: 0
  m_Script: {fileID: 11500000, guid: 524d0d21e23894b42915a1cf8c12eb7b, type: 3}
  m_Name: 
  m_EditorClassIdentifier: 
--- !u!4 &1586947716
Transform:
  m_ObjectHideFlags: 0
  m_CorrespondingSourceObject: {fileID: 0}
  m_PrefabInstance: {fileID: 0}
  m_PrefabAsset: {fileID: 0}
  m_GameObject: {fileID: 1586947714}
  m_LocalRotation: {x: 0, y: 0, z: 0, w: 1}
  m_LocalPosition: {x: 481.17654, y: 94.85398, z: 189.6613}
  m_LocalScale: {x: 1, y: 1, z: 1}
  m_Children: []
  m_Father: {fileID: 0}
  m_RootOrder: 5
  m_LocalEulerAnglesHint: {x: 0, y: 0, z: 0}
